@Misc{mortenweb,  
howpublished = {\url{https://compphysics.github.io/ComputationalPhysicsMSU/doc/pub/linalg/html/linalg.html}},  
note = {Accessed Feb 4, 2018},  
title = {Computational Physics Lectures: Linear Algebra methods},  
author = {Hjorth-Jensen, Morten}  
}
@book{riley2006mathematical,
	title={Mathematical methods for physics and engineering: a comprehensive guide},
	author={Riley, Kenneth Franklin and Hobson, Michael Paul and Bence, Stephen John},
	year={2006},
	publisher={Cambridge university press}
}
@book{trefethen1997numerical,
	title={Numerical linear algebra},
	author={Trefethen, Lloyd N and Bau III, David},
	year={1997},
	publisher={Siam}
}
@article{sanderson2016armadillo,
	title={Armadillo: a template-based C++ library for linear algebra},
	author={Sanderson, Conrad and Curtin, Ryan},
	journal={Journal of Open Source Software},
	year={2016},
	publisher={Journal of Open Source Software}
}
