@Misc{mortenweb,  
howpublished = {\url{https://compphysics.github.io/ComputationalPhysicsMSU/doc/web/course}},  
note = {Accessed May 4, 2018},  
title = {Overview of course material: Computational Physics},  
author = {Hjorth-Jensen, Morten}  
}
