@Misc{mortenweb,  
howpublished = {\url{https://compphysics.github.io/ComputationalPhysicsMSU/doc/pub/eigvalues/html/eigvalues.html}},  
note = {Accessed Mar 5, 2018},  
title = {Computational Physics Lectures: Eigenvalue problems},  
author = {Hjorth-Jensen, Morten}  
}
@article{toxvaerd2012energy,
  title={Energy conservation in molecular dynamics simulations of classical systems},
  author={Toxvaerd, S{\o}ren and Heilmann, Ole J and Dyre, Jeppe C},
  journal={The Journal of chemical physics},
  volume={136},
  number={22},
  pages={224106},
  year={2012},
  publisher={AIP}
}